@book{KNUTH,
	author     = {KNUTH Donald E.},
	title      = {The TeXbook},
	publisher  = {Addison-Wesley Publishing Company, Inc.},
	address    = {Reading, Massachusetts},
	year       = {1986},
	edition    = {1},
	ISBN       = {0-201-13447-0},
}

@article{WebsiteDesign,
  title     ={The Role of Typography in Designing a Website},
  author    ={Kumar D, Donga S},
  journal   ={International Journal of Scientific and Research Publications},
  volume    ={5},
  number    ={5},
  pages     ={1-4},
  year      ={2015},
  publisher ={Scientific and Research Publications}
}




